<?xml version="1.0" encoding="UTF-8"?><record xmlns="http://www.loc.gov/MARC21/slim" xmlns:cinclude="http://apache.org/cocoon/include/1.0" xmlns:zs="http://www.loc.gov/zing/srw/">
  <leader>00308nz  a2200121n  4500</leader>
  <controlfield tag="001">nr 99029026 </controlfield>
  <controlfield tag="003">DLC</controlfield>
  <controlfield tag="005">19990916061100.0</controlfield>
  <controlfield tag="008">990915n| acannaabn          |n aaa     c</controlfield>
  <datafield tag="010" ind1=" " ind2=" ">
    <subfield code="a">nr 99029026 </subfield>
  </datafield>
  <datafield tag="040" ind1=" " ind2=" ">
    <subfield code="a">CtY-Mus</subfield>
    <subfield code="b">eng</subfield>
    <subfield code="c">CtY-Mus</subfield>
  </datafield>
  <datafield tag="100" ind1="1" ind2=" ">
    <subfield code="a">KaĚmpken, Nicole</subfield>
  </datafield>
  <datafield tag="670" ind1=" " ind2=" ">
    <subfield code="a">Max Reger, 1999:</subfield>
    <subfield code="b">t.p. (Nicole KaĚmpken)</subfield>
  </datafield>
</record>